<record><leader>00000cas a2200000 a 4500</leader><controlfield tag="001">8807359</controlfield><controlfield tag="008">820925c19129999hiudr ne      0   a0eng  </controlfield><datafield ind1=" " ind2=" " tag="010"><subfield code="a">sn 82014682 </subfield></datafield><datafield ind1=" " ind2=" " tag="040"><subfield code="a">DLC</subfield><subfield code="b">eng</subfield><subfield code="c">DLC</subfield><subfield code="d">NPW</subfield><subfield code="d">DLC</subfield><subfield code="d">OCL</subfield><subfield code="d">DLC</subfield><subfield code="d">OCL</subfield><subfield code="d">DLC</subfield><subfield code="d">HWN</subfield><subfield code="d">NPA</subfield><subfield code="d">DLC</subfield><subfield code="d">YOX</subfield><subfield code="d">OCL</subfield><subfield code="d">DLC</subfield><subfield code="d">YOX</subfield><subfield code="d">ANU</subfield><subfield code="d">KNP</subfield><subfield code="d">NSD</subfield><subfield code="d">CNK</subfield><subfield code="d">NVF</subfield><subfield code="d">DLC</subfield><subfield code="d">OCLCO</subfield><subfield code="d">OCLCQ</subfield><subfield code="d">DLC</subfield><subfield code="d">OCLCF</subfield></datafield><datafield ind1=" " ind2=" " tag="019"><subfield code="a">1752253</subfield><subfield code="a">8807826</subfield></datafield><datafield ind1="0" ind2=" " tag="022"><subfield code="a">2326-1137</subfield><subfield code="2">1</subfield></datafield><datafield ind1="1" ind2=" " tag="029"><subfield code="a">AU@</subfield><subfield code="b">000002930635</subfield></datafield><datafield ind1=" " ind2=" " tag="032"><subfield code="a">249460</subfield><subfield code="b">USPS</subfield></datafield><datafield ind1=" " ind2=" " tag="042"><subfield code="a">pcc</subfield><subfield code="a">nsdp</subfield></datafield><datafield ind1=" " ind2=" " tag="043"><subfield code="a">n-us-hi</subfield></datafield><datafield ind1="0" ind2="0" tag="050"><subfield code="a">Newspaper</subfield></datafield><datafield ind1="0" ind2="0" tag="082"><subfield code="a">071</subfield><subfield code="2">23</subfield></datafield><datafield ind1=" " ind2="0" tag="222"><subfield code="a">Honolulu star-bulletin</subfield><subfield code="b">(Print)</subfield></datafield><datafield ind1="0" ind2="0" tag="245"><subfield code="a">Honolulu star-bulletin.</subfield></datafield><datafield ind1="1" ind2=" " tag="246"><subfield code="i">Saturday issues for Sept. 12, 1953-Oct. 24, 1959 published as:</subfield><subfield code="a">Saturday star bulletin</subfield></datafield><datafield ind1="1" ind2=" " tag="246"><subfield code="i">Sunday issues for Nov. 1, 1959-June 24, 1962 published as:</subfield><subfield code="a">Sunday star bulletin</subfield></datafield><datafield ind1="1" ind2=" " tag="246"><subfield code="i">Sunday issues for July 1, 1962- published jointly with Honolulu advertiser as:</subfield><subfield code="a">Sunday star-bulletin &amp; advertiser</subfield></datafield><datafield ind1="3" ind2=" " tag="246"><subfield code="a">Sunday star bulletin and advertiser</subfield></datafield><datafield ind1="3" ind2="0" tag="246"><subfield code="a">Star-bulletin</subfield></datafield><datafield ind1=" " ind2=" " tag="260"><subfield code="a">Honolulu [Oahu, Hawaii :</subfield><subfield code="b">P.T. Gialanella],</subfield><subfield code="c">1912-</subfield></datafield><datafield ind1=" " ind2=" " tag="300"><subfield code="a">v.</subfield></datafield><datafield ind1=" " ind2=" " tag="310"><subfield code="a">Daily (except Sunday),</subfield><subfield code="b">&lt;Feb. 29, 2000-&gt;</subfield></datafield><datafield ind1=" " ind2=" " tag="321"><subfield code="a">Daily,</subfield><subfield code="b">Nov. 1959-</subfield></datafield><datafield ind1=" " ind2=" " tag="321"><subfield code="a">Daily (except Sunday),</subfield><subfield code="b">1912-Oct. 1959</subfield></datafield><datafield ind1="0" ind2=" " tag="362"><subfield code="a">Vol. 20, no. 6318 (July 1, 1912)-</subfield></datafield><datafield ind1=" " ind2=" " tag="500"><subfield code="a">Publisher: Liberty Newspapers Limited Partnerships, &lt;Feb. 29, 2000-&gt;</subfield></datafield><datafield ind1=" " ind2=" " tag="515"><subfield code="a">Suspended June 21-Aug. 7, 1963.</subfield></datafield><datafield ind1=" " ind2=" " tag="515"><subfield code="a">Issues for July 1, 1912- carry numbering of Hawaiian star and Evening bulletin.</subfield></datafield><datafield ind1=" " ind2=" " tag="530"><subfield code="a">Also issued on microfilm from Bell &amp; Howell Information and Learning, and the Library of Congress, Photoduplication Service.</subfield></datafield><datafield ind1=" " ind2=" " tag="530"><subfield code="a">Archived issues are available in digital format as part of the Library of Congress Chronicling America online collection.</subfield></datafield><datafield ind1=" " ind2=" " tag="580"><subfield code="a">Formed by the merger of: Hawaiian star, and: Evening bulletin (Honolulu, Hawaii).</subfield></datafield><datafield ind1=" " ind2=" " tag="588"><subfield code="a">Latest issue consulted: Feb. 29, 2000.</subfield></datafield><datafield ind1=" " ind2="0" tag="651"><subfield code="a">Honolulu (Hawaii)</subfield><subfield code="v">Newspapers.</subfield></datafield><datafield ind1=" " ind2="7" tag="655"><subfield code="a">Newspapers.</subfield><subfield code="2">fast</subfield><subfield code="0">(OCoLC)fst01423814</subfield></datafield><datafield ind1=" " ind2="7" tag="651"><subfield code="a">Hawaii</subfield><subfield code="z">Honolulu.</subfield><subfield code="2">fast</subfield><subfield code="0">(OCoLC)fst01204916</subfield></datafield><datafield ind1=" " ind2=" " tag="752"><subfield code="a">United States</subfield><subfield code="b">Hawaii</subfield><subfield code="c">Honolulu</subfield><subfield code="d">Honolulu.</subfield></datafield><datafield ind1="1" ind2=" " tag="776"><subfield code="t">Honolulu star-bulletin (Online)</subfield><subfield code="x">2326-1145</subfield><subfield code="w">(DLC)  2013218511</subfield><subfield code="w">(OCoLC)232117605</subfield></datafield><datafield ind1="1" ind2="4" tag="780"><subfield code="t">Hawaiian star</subfield><subfield code="x">2165-915X</subfield><subfield code="w">(DLC)sn 82015415</subfield><subfield code="w">(OCoLC)8807837</subfield></datafield><datafield ind1="1" ind2="4" tag="780"><subfield code="t">Evening bulletin (Honolulu, Hawaii)</subfield><subfield code="x">2157-2119</subfield><subfield code="w">(DLC)sn 82016413</subfield><subfield code="w">(OCoLC)9314199</subfield></datafield><datafield ind1="1" ind2=" " tag="787"><subfield code="t">Honolulu advertiser</subfield><subfield code="x">1072-7191</subfield><subfield code="w">(DLC)sn 82014685</subfield><subfield code="w">(OCoLC)8807414</subfield></datafield><datafield ind1="4" ind2="1" tag="856"><subfield code="u">http://www.starbulletin.com</subfield></datafield><datafield ind1="4" ind2="1" tag="856"><subfield code="u">http://www.loc.gov/chroniclingamerica/lccn/sn82014682/issues</subfield></datafield></record>